[gd_scene load_steps=8 format=2]

[ext_resource path="res://stage/card/Card.gd" type="Script" id=1]
[ext_resource path="res://stage/card/DraggedCard.tscn" type="PackedScene" id=2]
[ext_resource path="res://assets/fonts/LabelFont.tres" type="DynamicFont" id=3]
[ext_resource path="res://assets/fonts/TextFont.tres" type="DynamicFont" id=4]
[ext_resource path="res://stage/BadgeBox.tres" type="StyleBox" id=5]
[ext_resource path="res://assets/sfx/select.wav" type="AudioStream" id=6]

[sub_resource type="StyleBoxFlat" id=1]
bg_color = Color( 0.403922, 0.235294, 0.270588, 1 )
corner_radius_top_left = 4
corner_radius_top_right = 4
corner_radius_bottom_right = 4
corner_radius_bottom_left = 4

[node name="Card" type="Control"]
anchor_right = 1.0
anchor_bottom = 1.0
margin_right = -1220.0
margin_bottom = -660.0
rect_min_size = Vector2( 80, 80 )
mouse_filter = 1
mouse_default_cursor_shape = 6
size_flags_vertical = 4
script = ExtResource( 1 )
dragged_card_scene = ExtResource( 2 )
title_path = NodePath("ToolTip/Panel/Margin/Layout/Title")
description_path = NodePath("ToolTip/Panel/Margin/Layout/Description")
stats_path = NodePath("ToolTip/Stats/Label")

[node name="BlockView" type="TextureRect" parent="."]
margin_right = 80.0
margin_bottom = 80.0
expand = true
stretch_mode = 6

[node name="Price" type="Label" parent="."]
anchor_top = 1.0
anchor_right = 1.0
anchor_bottom = 1.0
margin_bottom = 32.0
custom_fonts/font = ExtResource( 3 )
text = "100 G"
align = 1

[node name="Tween" type="Tween" parent="."]

[node name="ToolTip" type="Control" parent="."]
visible = false
anchor_right = 1.0
margin_left = -60.0
margin_top = -240.0
margin_right = 60.0
margin_bottom = -40.0

[node name="Panel" type="PanelContainer" parent="ToolTip"]
anchor_right = 1.0
anchor_bottom = 1.0
custom_styles/panel = SubResource( 1 )
__meta__ = {
"_editor_description_": ""
}

[node name="Margin" type="MarginContainer" parent="ToolTip/Panel"]
margin_right = 200.0
margin_bottom = 200.0
custom_constants/margin_right = 8
custom_constants/margin_top = 8
custom_constants/margin_left = 8
custom_constants/margin_bottom = 8

[node name="Layout" type="VBoxContainer" parent="ToolTip/Panel/Margin"]
margin_left = 8.0
margin_top = 8.0
margin_right = 192.0
margin_bottom = 192.0
custom_constants/separation = 8

[node name="Title" type="Label" parent="ToolTip/Panel/Margin/Layout"]
margin_right = 184.0
margin_bottom = 32.0
custom_fonts/font = ExtResource( 3 )
text = "BLOCK NAME"

[node name="Description" type="RichTextLabel" parent="ToolTip/Panel/Margin/Layout"]
margin_top = 40.0
margin_right = 184.0
margin_bottom = 184.0
size_flags_vertical = 3
custom_fonts/normal_font = ExtResource( 4 )
text = "Description."
scroll_active = false

[node name="Polygon2D" type="Polygon2D" parent="ToolTip"]
position = Vector2( 100, 200 )
color = Color( 0.403922, 0.235294, 0.270588, 1 )
polygon = PoolVector2Array( -16, 0, 0, 16, 16, 0 )

[node name="Stats" type="PanelContainer" parent="ToolTip"]
anchor_left = 1.0
anchor_right = 1.0
margin_left = -96.0
margin_top = -12.0
margin_right = 20.0
margin_bottom = 12.0
custom_styles/panel = ExtResource( 5 )

[node name="Label" type="Label" parent="ToolTip/Stats"]
margin_left = 2.0
margin_top = 3.0
margin_right = 114.0
margin_bottom = 20.0
custom_fonts/font = ExtResource( 4 )
align = 1
valign = 1

[node name="HoverSFX" type="AudioStreamPlayer" parent="."]
stream = ExtResource( 6 )
bus = "SFX"

[connection signal="mouse_entered" from="." to="." method="_on_mouse_entered"]
[connection signal="mouse_exited" from="." to="." method="_on_mouse_exited"]
